@article{heinzelman2000leach,
  title={Energy-efficient communication protocol for wireless microsensor networks},
  author={Heinzelman, Wendi R and Chandrakasan, Anantha and Balakrishnan, Hari},
  journal={Proceedings of the 33rd Annual Hawaii International Conference on System Sciences},
  year={2000}
}

@article{younis2004heed,
  title={HEED: A hybrid, energy-efficient, distributed clustering approach for ad hoc sensor networks},
  author={Younis, Ossama and Fahmy, Sonia},
  journal={IEEE Transactions on Mobile Computing},
  volume={3}, number={4}, pages={366--379}, year={2004}
}

@article{smaragdakis2004sep,
  title={SEP: A stable election protocol for clustered heterogeneous wireless sensor networks},
  author={Smaragdakis, Georgios and Matta, Ibrahim and Bestavros, Azer},
  journal={Second International Workshop on Sensor and Actor Network Protocols and Applications},
  year={2004}
}

@article{akyildiz2002survey,
  title={A survey on sensor networks},
  author={Akyildiz, Ian F and others},
  journal={IEEE Communications Magazine}, year={2002}
}

@article{mittal2017survey,
  title={A survey of techniques for improving energy efficiency in wireless sensor networks},
  author={Mittal, M and others},
  journal={Journal of Network and Computer Applications}, year={2017}
}

@inproceedings{intanagonwiwat2000directed,
  title={Directed diffusion for wireless sensor networking},
  author={Intanagonwiwat, Chalermek and Govindan, Ramesh and Estrin, Deborah},
  booktitle={ACM/IEEE MobiCom}, year={2000}
}
